%
% Thermal modeling.
%
@book{kreith2000,
  title = {The CRC Handbook of Thermal Engineering},
  author = {Kreith, F.},
  year = {2000},
  publisher = {CRC Press}
}

@inproceedings{ukhov2012,
  author = {Ukhov, I. and Bao, M. and Eles, P. and Peng, Z.},
  title = {Steady-State Dynamic Temperature Analysis and Reliability Optimization for Embedded Multiprocessor Systems},
  booktitle = {DAC},
  year = {2012},
  pages = {197--204}
}

%
% Probability theory.
%
@book{durrett2010,
  author = {Durrett, R.},
  title = {Probability: Theory and Examples},
  publisher = {Cambridge University Press},
  edition = {The 4th edition},
  year = {2010}
}

%
% Numerical analysis.
%
@book{press2007,
  author = {Press, W. and Teukolsky, S. and Vetterling, W. and Flannery, B.},
  title = {Numerical Recipes: The Art of Scientific Computing},
  publisher = {Cambridge University Press},
  edition = {The 3rd edition},
  year = {2007}
}

%
% Process variation.
%
@book{srivastava2010,
  author = {Srivastava, A. and Sylvester, D. and Blaauw, D.},
  title = {Statistical Analysis and Optimization for {VLSI}: Timing and Power},
  publisher = {Springer},
  year = {2010}
}

@article{cheng2011,
  author = {Cheng, L. and Gupta, P. and Spanos, C. and Qian, K. and He, L.},
  journal = {Computer-Aided Design of Integrated Circuits and Systems},
  title = {Physically Justifiable Die-Level Modeling of Spatial Variation in View of Systematic Across Wafer Variability},
  year = {2011},
  month = {March},
  volume = {30},
  number = {3},
  pages = {388--401}
}

@inproceedings{liu2007,
  author = {Liu, Y. and Dick, R. and Shang, L. and Yang, H.},
  title = {Accurate Temperature-Dependent Integrated Circuit Leakage Power Estimation is Easy},
  booktitle = {DATE},
  year = {2007},
  pages = {1526--1531}
}

%
% Stochastic temperature modeling.
%
@inproceedings{juan2011,
  author = {Juan, D.-C. and Garg, S. and Marculescu, D.},
  booktitle = {DATE},
  title = {Statistical Thermal Evaluation and Mitigation Techniques for 3D Chip-Multiprocessors in the Presence of Process Variations},
  year = {2011},
  month = {March},
  pages = {383--388}
}

@inproceedings{juan2012,
  author = {Juan, D.-C. and Chuang, Y.-L. and Marculescu, D. and Chang, Y.-W.},
  booktitle = {DATE},
  title = {Statistical Thermal Modeling and Optimization Considering Leakage Power Variations},
  year = {2012},
  month = {March},
  pages = {605-610}
}

%
% Spectral methods for uncertainty quantification.
%
@book{ghanem1991,
  author = {Ghanem, R. and Spanos, P.},
  title = {Stochastic Finite Elements: A Spectral Approach},
  publisher = {Springer Verlag},
  year = {1991}
}

@article{xiu2002,
  author = {Xiu, D. and Karniadakis, G.},
  title = {The {Wiener-Askey} Polynomial Chaos for Stochastic Differential Equations},
  journal = {SIAM Journal on Scientific Computing},
  month = {February},
  year = {2002},
  volume = {24},
  number = {2},
  pages = {619--644}
}

@article{beck2011,
	author = {Beck, J. and Nobile, F. and Tamellini, L. and Tempone, R.},
	title = {Implementation of optimal Galerkin and Collocation approximations of PDEs with Random Coefficients},
	journal = {ESAIM},
	year = {2011},
	month = {October},
	volume = {33},
	pages = {10--21}
}

@book{xiu2010,
  title = {Numerical Methods for Stochastic Computations: A Spectral Method Approach},
  author = {Xiu, D.},
  publisher={Princeton University Press},
  year = {2010}
}

@article{knio2006,
  author = {Knio, O. and Ma\^{i}tre, O. Le},
  title = {Uncertainty Propagation in {CFD} Using Polynomial Chaos Decomposition},
  journal = {Fluid Dynamics Research},
  volume = {38},
  number = {9},
  pages = {616--640},
  year = {2006}
}

@inproceedings{eldred2009,
  author = {Eldred, M.},
  title = {Recent Advances in Non-Intrusive Polynomial Chaos and Stochastic Collocation Methods for Uncertainty Analysis and Design},
  booktitle = {Structures, Structural Dynamics, and Materials Conference},
  month = {May},
  year = {2009}
}

@book{maitre2010,
  author = {Ma\^{i}tre, O. Le and Knio, O.},
  title = {Spectral Methods for Uncertainty Quantification: With Applications to Computational Fluid Dynamics},
  year = {2010},
  publisher = {Springer}
}

%
% Sparse grids.
%
@article{heiss2008,
  author = {Heiss, F. and Winschel, V.},
  title = {Likelihood Approximation by Numerical Integration on Sparse Grids},
  journal = {Journal of Econometrics},
  volume = {144},
  number = {1},
  pages = {62--80},
  year = {2008}
}

%
% Application of spectral methods.
%
@inproceedings{bhardwaj2006,
  author = {Bhardwaj, S. and Vrudhula, S. and Ghanta, P. and Cao, Y.},
  title = {Modeling of Intra-Die Process Variations for Accurate Analysis and Optimization of Nano-Scale Circuits},
  booktitle = {DAC},
  year = {2006},
  pages = {791--796}
}

@inproceedings{ghanta2006,
  author = {Ghanta, P. and Vrudhula, S. and Bhardwaj, S. and Panda, R.},
  title = {Stochastic Variational Analysis of Large Power Grids Considering Intra-Die Correlations},
  booktitle = {DAC},
  year = {2006},
  pages = {211--216}
}

@inproceedings{shen2009,
  author = {Shen, R. and Mi, N. and Tan, S. and Cai, Y. and Hong, X.},
  booktitle = {ASP-DAC},
  title = {Statistical Modeling and Analysis of Chip-Level Leakage Power by Spectral Stochastic Method},
  year = {2009},
  month = {January},
  pages = {161--166}
}

%
% Tools.
%
@online{ptm,
  title = {Predictive Technology Model},
  organization = {Nanoscale Integration and Modeling Group, Arizona State University},
  url = {http://ptm.asu.edu/}
}

@online{matlab,
  title = {{MATLAB}},
  organization = {MathWorks},
  url = {http://www.mathworks.com/}
}

@online{hotspot,
  title = {{HotSpot}},
  organization = {Laboratory for Computer Architecture, University of Virginia},
  url = {http://lava.cs.virginia.edu/HotSpot/}
}
